@article{brooks1987no,
  title={No silver bullet: Essence and accidents of software engineering},
  author={Brooks, F.P.},
  journal={IEEE computer},
  volume={20},
  number={4},
  pages={10--19},
  year={1987},
  publisher={Citeseer}
}

@article{lee2006problem,
  title={The problem with threads},
  author={Lee, E.A.},
  journal={Computer},
  volume={39},
  number={5},
  pages={33--42},
  year={2006},
  publisher={IEEE}
}

@book{schmidt2000pattern,
  title={Pattern-Oriented Software Architecture: Patterns for Concurrent and Networked Objects, Volume 2},
  author={Schmidt, D.C. and Stal, M. and Rohnert, H. and Buschmann, F.},
  year={2000},
  publisher={Wiley}
}

@book{szyperski2002component,
  title={Component software: beyond object-oriented programming},
  author={Szyperski, C. and Gruntz, D. and Murer, S.},
  year={2002},
  publisher={Addison-Wesley Professional}
}

@article{havender1968avoiding,
  title={Avoiding deadlock in multitasking systems},
  author={Havender, J.W.},
  journal={IBM systems journal},
  volume={7},
  number={2},
  pages={74--84},
  year={1968},
  publisher={IBM}
}

@book{lynch1996distributed,
  title={Distributed algorithms},
  author={Lynch, N.A.},
  year={1996},
  publisher={Kaufmann}
}